@ARTICLE{ARTICLE:NetflixPrize,
    AUTHOR = "James Bennett and Stan Lanning",
    TITLE = "The Netflix Prize",
    HOWPUBLISHED = "Netflix Technical Report",
    YEAR = "2007",
    NOTE = "Available at: \url{https://www.netflixprize.com/assets/GrandPrize2009_BPC_BellKor.pdf}"
}

@ARTICLE{ARTICLE:MovieLens,
    AUTHOR = "Jonathan L. Herlocker and Joseph A. Konstan and Al Borchers and John Riedl",
    TITLE = "An Algorithmic Framework for Performing Collaborative Filtering",
    BOOKTITLE = "Proceedings of the 22nd Annual International ACM SIGIR Conference on Research and Development in Information Retrieval",
    YEAR = "2000",
    PAGES = "230--237",
    PUBLISHER = "ACM",
    ADDRESS = "Berkeley, CA, USA",
    DOI = "10.1145/312624.312682"
}

@ARTICLE{ARTICLE:1,
    AUTHOR="Xinrui Zhang and Hengshan Wang",
    TITLE="Study on Recommender Systems for Business-To-Business Electronic Commerce",
    JOURNAL="Communications of the IIMA",
    YEAR="2005",
    VOLUME="5",
    NUMBER="4",
    PAGES="Article 8",
    DOI="10.58729/1941-6687.1282",
    URL="https://scholarworks.lib.csusb.edu/ciima/vol5/iss4/8"
}

@TECHREPORT{REPORT:1,
    AUTHOR = "{Confidential}",
    TITLE = "{[GENERAL RANK] Purchase Preference (EN)}",
    INSTITUTION = "{Confidential organization}",
    YEAR = "2023",
    NOTE = "Internal technical report, not publicly available"
}

@BOOK{BOOK:Ricci2015,
    AUTHOR = "Francesco Ricci and Lior Rokach and Bracha Shapira",
    TITLE = "Recommender Systems Handbook",
    PUBLISHER = "Springer",
    YEAR = "2015",
    EDITION = "2nd",
    DOI = "10.1007/978-1-4899-7637-6"
}

@ARTICLE{ARTICLE:Adomavicius2005,
    AUTHOR = "Gediminas Adomavicius and Alexander Tuzhilin",
    TITLE = "Toward the Next Generation of Recommender Systems: A Survey of the State-of-the-Art and Possible Extensions",
    JOURNAL = "IEEE Transactions on Knowledge and Data Engineering",
    VOLUME = "17",
    NUMBER = "6",
    PAGES = "734--749",
    YEAR = "2005",
    DOI = "10.1109/TKDE.2005.99"
}

@ARTICLE{ARTICLE:Koren2009,
    AUTHOR = "Yehuda Koren and Robert Bell and Chris Volinsky",
    TITLE = "Matrix Factorization Techniques for Recommender Systems",
    JOURNAL = "Computer",
    VOLUME = "42",
    NUMBER = "8",
    PAGES = "30--37",
    YEAR = "2009",
    DOI = "10.1109/MC.2009.263"
}

@INPROCEEDINGS{ARTICLE:Sarwar2001,
    AUTHOR = "Badrul Sarwar and George Karypis and Joseph Konstan and John Riedl",
    TITLE = "Item-based Collaborative Filtering Recommendation Algorithms",
    BOOKTITLE = "Proceedings of the 10th International Conference on World Wide Web (WWW)",
    PAGES = "285--295",
    YEAR = "2001",
    DOI = "10.1145/371920.372071"
}

@INCOLLECTION{ARTICLE:Pazzani2007,
    AUTHOR = "Michael J. Pazzani and Daniel Billsus",
    TITLE = "Content-based Recommendation Systems",
    BOOKTITLE = "The Adaptive Web",
    PUBLISHER = "Springer",
    SERIES = "Lecture Notes in Computer Science",
    VOLUME = "4321",
    PAGES = "325--341",
    YEAR = "2007",
    DOI = "10.1007/978-3-540-72079-9_10"
}

@INPROCEEDINGS{ARTICLE:Hu2008,
    AUTHOR = "Yifan Hu and Yehuda Koren and Chris Volinsky",
    TITLE = "Collaborative Filtering for Implicit Feedback Datasets",
    BOOKTITLE = "Proceedings of the 8th IEEE International Conference on Data Mining (ICDM)",
    PAGES = "263--272",
    YEAR = "2008",
    DOI = "10.1109/ICDM.2008.22"
}

@INPROCEEDINGS{ARTICLE:Covington2016,
    AUTHOR = "Paul Covington and Jay Adams and Emre Sargin",
    TITLE = "Deep Neural Networks for YouTube Recommendations",
    BOOKTITLE = "Proceedings of the 10th ACM Conference on Recommender Systems (RecSys)",
    PAGES = "191--198",
    YEAR = "2016",
    DOI = "10.1145/2959100.2959190"
}

@INPROCEEDINGS{ARTICLE:Spark2012,
    AUTHOR = "Matei Zaharia and Mosharaf Chowdhury and Tathagata Das and Ankur Dave and Justin Ma and Murphy McCauley and Michael J. Franklin and Scott Shenker and Ion Stoica",
    TITLE = "Resilient Distributed Datasets: A Fault-Tolerant Abstraction for In-Memory Cluster Computing",
    BOOKTITLE = "Proceedings of the 9th USENIX Symposium on Networked Systems Design and Implementation (NSDI)",
    YEAR = "2012",
    PAGES = "2--2"
}

@ARTICLE{ARTICLE:MLflow2018,
    AUTHOR = "Matei Zaharia and Andrew Chen and Aaron Davidson and Ali Ghodsi and Joseph Gonzalez and Michael Franklin and Reynold Xin and Patrick Wendell",
    TITLE = "Accelerating the Machine Learning Lifecycle with MLflow",
    JOURNAL = "IEEE Data Engineering Bulletin",
    VOLUME = "41",
    NUMBER = "4",
    YEAR = "2018",
    PAGES = "39--45"
}

@INPROCEEDINGS{ARTICLE:LightFM2015,
    AUTHOR = "Maciej Kula",
    TITLE = "Metadata Embeddings for User and Item Cold-start Recommendations",
    BOOKTITLE = "Proceedings of the 9th ACM Conference on Recommender Systems (RecSys)",
    YEAR = "2015",
    PAGES = "279--282",
    DOI = "10.1145/2792838.2799663"
}

@INPROCEEDINGS{ARTICLE:PyTorch2019,
    AUTHOR = "Adam Paszke and Sam Gross and Francisco Massa and Adam Lerer and James Bradbury and Gregory Chanan and Trevor Killeen and Zeming Lin and Natalia Gimelshein and Luca Antiga and Alban Desmaison and Andreas Kopf and Edward Yang and Zachary DeVito and Martin Raison and Alykhan Tejani and Sasank Chilamkurthy and Benoit Steiner and Lu Fang and Junjie Bai and Soumith Chintala",
    TITLE = "PyTorch: An Imperative Style, High-Performance Deep Learning Library",
    BOOKTITLE = "Advances in Neural Information Processing Systems (NeurIPS)",
    VOLUME = "32",
    YEAR = "2019"
}

@ARTICLE{ARTICLE:Matplotlib2007,
    AUTHOR = "John D. Hunter",
    TITLE = "Matplotlib: A 2D Graphics Environment",
    JOURNAL = "Computing in Science \& Engineering",
    VOLUME = "9",
    NUMBER = "3",
    PAGES = "90--95",
    YEAR = "2007",
    DOI = "10.1109/MCSE.2007.55"
}

@ARTICLE{ARTICLE:Seaborn2021,
    AUTHOR = "Michael L. Waskom",
    TITLE = "Seaborn: statistical data visualization",
    JOURNAL = "Journal of Open Source Software",
    VOLUME = "6",
    NUMBER = "60",
    PAGES = "3021",
    YEAR = "2021",
    DOI = "10.21105/joss.03021"
}

@MISC{ARTICLE:GitHub,
    AUTHOR = "{GitHub Inc.}",
    TITLE = "{GitHub: Software Development Platform}",
    HOWPUBLISHED = "\url{https://github.com}",
    YEAR = "2024",
    NOTE = "Accessed: 2025-09-28"
}

@MISC{ARTICLE:Databricks,
    AUTHOR = "{Databricks Inc.}",
    TITLE = "{Databricks: Unified Data Analytics Platform}",
    HOWPUBLISHED = "\url{https://docs.databricks.com}",
    YEAR = "2024",
    NOTE = "Official product documentation, accessed: 2025-09-28"
}

@ARTICLE{ARTICLE:ALS2008,
    AUTHOR = "Yifan Hu and Yehuda Koren and Chris Volinsky",
    TITLE = "Collaborative Filtering for Implicit Feedback Datasets",
    JOURNAL = "Proceedings of the 8th IEEE International Conference on Data Mining (ICDM)",
    YEAR = "2008",
    PAGES = "263--272",
    DOI = "10.1109/ICDM.2008.22"
}

@BOOK{BOOK:Anderson2006,
    AUTHOR = "Chris Anderson",
    TITLE = "The Long Tail: Why the Future of Business Is Selling Less of More",
    PUBLISHER = "Hyperion",
    YEAR = "2006"
}

@BOOK{BOOK:Celma2010,
    AUTHOR = "Ã’scar Celma",
    TITLE = "Music Recommendation and Discovery: The Long Tail, Long Fail, and Long Play in the Digital Music Space",
    PUBLISHER = "Springer",
    YEAR = "2010",
    SERIES = "Springer Theses",
    DOI = "10.1007/978-3-642-13287-2"
}
@BOOK{BOOK:Kotler2017,
  title     = {Marketing Management},
  author    = {Kotler, Philip and Keller, Kevin Lane},
  edition   = {15},
  year      = {2017},
  publisher = {Pearson Education},
  address   = {Harlow, England},
  isbn      = {9781292092621}
}

@BOOK{BOOK:Xiang2010,
    AUTHOR = "Liang Xiang and Qing Cuiyuan Yuan and Shu Zhao and Liang Chen and Xuezhong Zhang and Qiang Yang",
    TITLE = "Temporal Recommendation on Graphs via Long- and Short-Term Preference Fusion",
    BOOKTITLE = "Proceedings of the 16th ACM SIGKDD International Conference on Knowledge Discovery and Data Mining (KDD)",
    YEAR = "2010",
    PAGES = "723--732",
    DOI = "10.1145/1835804.1835896"
}

@ARTICLE{ARTICLE:Koren2010,
    AUTHOR = "Yehuda Koren",
    TITLE = "Collaborative Filtering with Temporal Dynamics",
    JOURNAL = "Communications of the ACM",
    VOLUME = "53",
    NUMBER = "4",
    PAGES = "89--97",
    YEAR = "2010",
    DOI = "10.1145/1721654.1721677"
}

@BOOK{BOOK:Aggarwal2016,
    AUTHOR = "Charu C. Aggarwal",
    TITLE = "Recommender Systems: The Textbook",
    PUBLISHER = "Springer",
    YEAR = "2016",
    DOI = "10.1007/978-3-319-29659-3"
}

@BOOK{BOOK:Aggarwal2015,
    AUTHOR = "Charu C. Aggarwal",
    TITLE = "Data Mining: The Textbook",
    PUBLISHER = "Springer",
    YEAR = "2015",
    DOI = "10.1007/978-3-319-14142-8"
}